@book{pressman,
    author = "Roger S Pressman",
    title = "Engenharia de Software",
    year = "2006",
    publisher = "Mcgraw-hill Interamericana",
    address = "Reading, Massachusetts",
    volume = "6"
}

@book{sommerville,
    author = "Ian Sommerville",
    title = "Engenharia de Software",
    year = "2003",
    publisher = "Pearson Education do Brasil",
    volume = "6"
}

@misc{NISL,
  author = "NISL",
  title = "The Economic Impacts of Inadequate Infrastructure for Software Testing - Final Report",
  howpublished = "URL: Disponível em: <http://www.nist.gov/director/planning/upload/report02-3.pdf>. Acesso em 24  outubro 2013",
  year = 2002
}

@misc{metricas-sao-silvestre,
  author = "Thiago Pelizoni",
  title = "Relatório de Métricas do projeto São Silvestre",
  howpublished = "URL: Disponível em: <https://docs.google.com/spreadsheet/ccc?key=0AnYaG\_iUd-LrdDhXMDlLbWd5WVlxdUR3MVBLcjFZR2c\&usp=sharing\#gid=0.pdf>. Acesso em 14 novembro 2013",
  year = 2013
}

@misc{melhoria-processo-indicadores,
  author = "Erika de Freitas Nita",
  title = "Melhoria da Qualidade de Produto e de Processo de Software a partir da Análise de Indicadores de Teste",
  howpublished = "URL: Disponível em: <https://docs.google.com/viewer?a=v\&pid=sites\&srcid=ZGVmYXVsdGRvbWFpbnxtZXRyaWNhczJ8Z3g6M2Q1MTY5ZmE2MzgxMjBlZg>. Acesso em 28 outubro 2013",
  year = 2002,
  publisher = "I Simpósio Brasileiro de Qualidade de Software"
}


